Date,Description,Type,Money In, Money Out, Balance
2022-08-32,M&S BANK,DD,,176.24,255.17
2022-08-04,CYRUS SOLUTIONS LT EXPENSES E003,CREDIT,283.89,,431.41
2022-08-04,M Bowen            Gas top-up 25PAR,CREDIT,30.00,,147.52
2022-08-04,M Bowen            GAS TOP-UP 25PAR,CREDIT,10.00,,117.52
2022-08-01,M Bowen            Loan from 25PAR,CREDIT,600.00,,107.52
2022-08-01,VODAFONE LTD       7069171913,CREDIT,27.50,,-492.48
2022-08-01,Adyen N.V.         eBay P5549366139 T,CREDIT,4.05,,-519.98
2022-08-01,WEST BROMWICH BS   901566030,BP/SO,,50.00,-524.03
2022-08-01,SPLUS              SAVINGS,BP/SO,,100.00,-474.03
2022-08-01,M.BOWEN,BP/SO,,300.00,-374.03
2022-08-01,FROM SAL A/C       LOAN RENOVATION,BP/SO,,2000.00,-74.03
2022-08-01,MRS BECKIE WATSON  CHILD MAINTAINANCE,BP/SO,,516.17,1925.97
2022-08-01,SARIR              RENT,BP/SO,,300.00,2442.14
2022-08-01,MRS BECKIE WATSON  CHILD MAINT ARREAR,BP/SO,,111.00,2742.14
2022-08-01,MARK A BOWEN       ISA SAVINGS,BP/SO,,100.00,2853.14
2022-08-01,REDDITCH BOROUGH C 01      4001843058,DD,,177.00,2953.14
2022-08-01,STANDARD LIFE A CO D1625050000E01ME01,DD,,450.00,3130.14
2022-08-01,SCOTTISHPOWER      16070904770,DD,,37.00,3580.14
2022-08-01,VIRGIN MONEY       5276690051196156,DD,,385.00,3617.14
2022-08-01,SWUTM TRADING A/C  0001434563,DD,,50.00,4002.14
2022-08-01,SEVERN TRENT WATER 488005367720222081,DD,,44.00,4052.14
2022-08-01,AIG LIFE LTD       P436305224-A,DD,,72.27,4096.14
2022-08-01,CHARITY DONATION   1099811,DD,,3.00,4168.41
2022-08-01,CHILDLIFE EDD      PCF1002848,DD,,10.00,4171.41
2022-08-01,BG SERVICES        911000486359,DD,,31.28,4181.41
2022-08-01,EDF ENERGY         671165630748,DD,,92.00,4212.69
2022-08-01,SCOTTISH FRIENDLY  PSD/OBCM0068099,DD,,82.11,4304.69
2022-07-29,CYRUS SOLUTIONS LT SAL JUL22,CREDIT,1317.30,,4386.80
2022-07-28,EE LIMITED         Q08791420341662726,DD,,24.67,3069.50
2022-07-28,CAMELOT LOTTERY    A00143/3965,DD,,8.00,3094.17
2022-07-28,SCOTTISH FRIENDLY  PSD/OBC10256454,DD,,90.94,3102.17
2022-07-27,Mr Mark Bowen      TESCO BANK LOAN,CREDIT,6000.00,,3193.11
2022-07-27,M BOWEN            25PAR REFURB,BP/SO,,2000.00,-2806.89
2022-07-27,SARIR              LOAN REPAYMENT,BP/SO,,1000.00,-806.89
2022-07-21,BOWEN MA           LOAN TO DADDY,CREDIT,200.00,,193.11
2022-07-21,M Bowen            Deposit for alarm,CREDIT,174.75,,-6.89
2022-07-21,DEBIT INTEREST,INTEREST,,4.32,-181.64
2022-07-21,LABOUR PARTY       653577715906242518,DD,,4.67,-177.32
2022-07-21,HONDA FINANCE EURO 0704899-2219560796,DD,,176.57,-172.65
2022-07-20,PRIZE PAYMENT 3    A00143/3965-11155,CREDIT,5.00,,3.92
2022-07-20,TFR 93000810462300,TRANSFER,110.00,,-1.08
2022-07-20,BUPA CENTRAL A/C   9086677780,DD,,126.32,-111.08
2022-07-18,TFR 91031213534500,TRANSFER,150.00,,15.24
2022-07-18,THE CO-OP BANK     4552061305790731,DD,,6.99,-134.76
2022-07-18,WEST BROMWICH BSOC 9015660300023939,DD,,232.53,-127.77
2022-07-18,NATIONAL LOTTERY I,PURCHASE,,10.00,104.76
2022-07-15,CYRUS SOLUTIONS LT SALARY JUN22,CREDIT,1398.96,,114.76
2022-07-15,EVERYDAYREWARD NET,CREDIT,1.00,,-1284.20
2022-07-15,PAYPAL PAYMENT     576J2223CC7UY,DD,,29.47,-1285.20
2022-07-13,STANDARD LIFE A CO D1625050000E01ME13,DD,,160.00,-1255.73
2022-07-12,QUIDCO             QUIDCO 9389842,CREDIT,120.89,,-1095.73
2022-07-12,TESCO BANK         5186528975980017,DD,,1237.07,-1216.62
2022-07-11,PNET3584204-1,DD,,30.05,20.45
2022-07-07,CYRUS SOLUTIONS LT DIRECTORS LOAN 1,CREDIT,2000.00,,50.50
2022-07-07,M BOWEN            LOAN TO 25PAR,BP/SO,,2000.00,-1949.50
2022-07-07,VODAFONE LTD       7069171913-1001,DD,,33.00,50.50
2022-07-06,TESCO CREDIT CARD  5186528990119575,BP/SO,,50.00,83.50
2022-07-05,     M&S BANK      M&S BANK0805605391,DD,,176.24,133.50
2022-07-04,SARMAD S           SS,CREDIT,1000.00,,309.74
2022-07-04,BOWEN MA           LOAN TO DADDY,CREDIT,1000.00,,-690.26
2022-07-01,WEST BROMWICH BS   901566030,BP/SO,,50.00,-1690.26
2022-07-01,SPLUS              SAVINGS,BP/SO,,100.00,-1640.26
2022-07-01,M.BOWEN,BP/SO,,300.00,-1540.26
2022-07-01,MRS BECKIE WATSON  CHILD MAINTAINANCE,BP/SO,,516.17,-1240.26
2022-07-01,SARIR              RENT,BP/SO,,300.00,-724.09
2022-07-01,MRS BECKIE WATSON  CHILD MAINT ARREAR,BP/SO,,111.00,-424.09
2022-07-01,MARK A BOWEN       ISA SAVINGS,BP/SO,,100.00,-313.09
2022-07-01,TESCO BANK         001222829674/13110,DD,,321.90,-213.09
2022-07-01,REDDITCH BOROUGH C 01      4001843058,DD,,177.00,108.81
2022-07-01,SCOTTISHPOWER      16070904770,DD,,37.00,285.81
2022-07-01,SWUTM TRADING A/C  0001434563,DD,,50.00,322.81
2022-07-01,SEVERN TRENT WATER 488005367720221791,DD,,44.00,372.81
2022-07-01,AIG LIFE LTD       P436305224-A,DD,,72.27,416.81
2022-07-01,CHARITY DONATION   1099811,DD,,3.00,489.08
2022-07-01,CHILDLIFE EDD      PCF1002848,DD,,10.00,492.08
2022-07-01,BG SERVICES        911000486359,DD,,31.28,502.08
2022-07-01,EDF ENERGY         671165630748,DD,,92.00,533.36
2022-07-01,SCOTTISH FRIENDLY  PSD/OBCM0068099,DD,,82.11,625.36
2022-06-30,CYRUS SOLUTIONS LT DIVIDEND 6,CREDIT,2000.00,,707.47
2022-06-30,M BOWEN            LOAN25PAR DRIVEWAY,BP/SO,,1400.00,-1292.53
2022-06-30,TFR 93000810462300,TRANSFER,,10.00,107.47
2022-06-29,VIRGIN MONEY       5276690051196156,DD,,385.00,117.47
2022-06-29,EBAY SARL          MRN11545067527,DD,,2.00,502.47
2022-06-28,TFR 93000810462300,TRANSFER,,120.00,504.47
2022-06-28,EE LIMITED         Q08791420333524719,DD,,19.57,624.47
2022-06-28,CAMELOT LOTTERY    A00143/3965,DD,,10.00,644.04
2022-06-28,SCOTTISH FRIENDLY  PSD/OBC10256454,DD,,90.94,654.04
2022-06-27,SARMAD S           SS,CREDIT,50.00,,744.98
2022-06-27,Adyen N.V.         eBay P5510876163 T,CREDIT,26.86,,694.98
2022-06-24,M BOWEN            LOAN TO 25PAR,BP/SO,,500.00,668.12
2022-06-21,LABOUR PARTY       653577715906242518,DD,,4.67,1168.12
2022-06-21,HONDA FINANCE EURO 0704899-2219485973,DD,,176.57,1172.79
2022-06-20,BUPA CENTRAL A/C   9086677780,DD,,126.32,1349.36
2022-06-17,THE CO-OP BANK     4552061305790731,DD,,13.98,1475.68
2022-06-17,WEST BROMWICH BSOC 9015660300023908,DD,,78.15,1489.66
2022-06-15,EVERYDAYREWARD NET,CREDIT,1.00,,1567.81
2022-06-14,SCOTTISH WIDOWS    PR859326H,DD,,450.00,1566.81
2022-06-13,PNET3584204-1,DD,,30.05,2016.81
2022-06-09,PAYPAL PAYMENT     576J2223CC7UY,DD,,27.70,2046.86
2022-06-08,PAYPAL PAYMENT     576J2223CC7UY,DD,,99.99,2074.56
2022-06-08,VODAFONE LTD       7069171913-1001,DD,,33.00,2174.55
2022-06-06,ALEXS SAVING       REPAYMENT FROM DAD,BP/SO,,500.00,2207.55
2022-06-06,ETHANS SAVINGS     REPAYMENT FROM DAD,BP/SO,,500.00,2707.55
2022-06-06,     M&S BANK      M&S BANK0805605391,DD,,176.24,3207.55
2022-06-01,PARASOL LTD.       PAYF22060113320105,CREDIT,3254.77,,3383.79
2022-06-01,SARMAD S           SS,CREDIT,55.00,,129.02
2022-06-01,TFR 91031213534500,TRANSFER,2000.00,,74.02
2022-06-01,WEST BROMWICH BS   901566030,BP/SO,,50.00,-1925.98
2022-06-01,SPLUS              SAVINGS,BP/SO,,100.00,-1875.98
2022-06-01,M.BOWEN,BP/SO,,300.00,-1775.98
2022-06-01,MRS BECKIE WATSON  CHILD MAINTAINANCE,BP/SO,,516.17,-1475.98
2022-06-01,SARIR              RENT,BP/SO,,300.00,-959.81
2022-06-01,MRS BECKIE WATSON  CHILD MAINT ARREAR,BP/SO,,111.00,-659.81
2022-06-01,MARK A BOWEN       ISA SAVINGS,BP/SO,,100.00,-548.81
2022-06-01,REDDITCH BOROUGH C 01      4001843058,DD,,177.00,-448.81
2022-06-01,SCOTTISHPOWER      16070904770,DD,,37.00,-271.81
2022-06-01,SWUTM TRADING A/C  0001434563,DD,,50.00,-234.81
2022-06-01,SEVERN TRENT WATER 488005367720221471,DD,,44.00,-184.81
2022-06-01,AIG LIFE LTD       P436305224-A,DD,,72.27,-140.81
2022-06-01,CHARITY DONATION   1099811,DD,,3.00,-68.54
2022-06-01,CHILDLIFE EDD      PCF1002848,DD,,10.00,-65.54
2022-06-01,BG SERVICES        911000486359,DD,,31.28,-55.54
2022-06-01,TESCO BANK         001222829674/13110,DD,,321.90,-24.26
2022-06-01,EDF ENERGY         671165630748,DD,,92.00,297.64
2022-06-01,SCOTTISH FRIENDLY  PSD/OBCM0068099,DD,,82.11,389.64
2022-05-31,TESCO BANK         5186528975980017,DD,,934.57,471.75
2022-05-30,EE LIMITED         Q08791420324918228,DD,,24.57,1406.32
2022-05-30,CAMELOT LOTTERY    A00143/3965,DD,,8.00,1430.89
2022-05-30,VIRGIN MONEY       5276690051196156,DD,,385.00,1438.89
2022-05-30,SCOTTISH FRIENDLY  PSD/OBC10256454,DD,,90.94,1823.89
2022-05-25,TELEFONICA UK LIMI 2689842         -4,CREDIT,18.51,,1914.83
2022-05-23,SARIR              WASHING MACHINE,BP/SO,,160.00,1896.32
2022-05-23,DEBIT INTEREST,INTEREST,,0.17,2056.32
2022-05-23,LABOUR PARTY       653577715906242518,DD,,4.67,2056.49
2022-05-23,HONDA FINANCE EURO 0704899-2219414573,DD,,176.57,2061.16
2022-05-19,TFR 91031213534500,TRANSFER,,2000.00,2237.73
2022-05-18,BUPA CENTRAL A/C   9086677780,DD,,126.32,4237.73
2022-05-17,WEST BROMWICH BSOC 9015660300023877,DD,,78.15,4364.05
2022-05-16,EVERYDAYREWARD NET,CREDIT,1.00,,4442.20
2022-05-16,SCOTTISH WIDOWS    PR859326H,DD,,450.00,4441.20
2022-05-12,BANCO SANTANDER    CORPORATE NOMINEE,CREDIT,1.62,,4891.20
2022-05-11,PNET3584204-1,DD,,30.05,4889.58
2022-05-10,VODAFONE LTD       7069171913-1001,DD,,33.00,4919.63
2022-05-09,PARASOL LTD.       PAYF22050917540040,CREDIT,1522.32,,4952.63
2022-05-09,MARK BOWEN         VIRGIN ISA,BP/SO,,100.00,3430.31
2022-05-09,TFR 91031213534500,TRANSFER,,880.87,3530.31
2022-05-09,TFR 93000810462300,TRANSFER,,209.00,4411.18
2022-05-06,PARASOL LTD.       PAYF22050609120134,CREDIT,5410.71,,4620.18
2022-05-06,SARIR              LOAN REPAYMENT,BP/SO,,1000.00,-790.53
2022-05-05,     M&S BANK      M&S BANK0805605391,DD,,176.24,209.47
2022-05-03,CYRUS SOLUTIONS LT DIVIDEND,CREDIT,2000.00,,385.71
2022-05-03,SARMAD S           SS,CREDIT,1000.00,,-1614.29
2022-05-03,M Bowen            PROFIT TAKING,CREDIT,100.00,,-2614.29
2022-05-03,WEST BROMWICH BS   901566030,BP/SO,,50.00,-2714.29
2022-05-03,SPLUS              SAVINGS,BP/SO,,100.00,-2664.29
2022-05-03,MRS BECKIE WATSON  CHILD MAINTAINANCE,BP/SO,,516.17,-2564.29
2022-05-03,M.BOWEN,BP/SO,,300.00,-2048.12
2022-05-03,SARIR              RENT,BP/SO,,300.00,-1748.12
2022-05-03,MRS BECKIE WATSON  CHILD MAINT ARREAR,BP/SO,,111.00,-1448.12
2022-05-03,MARK A BOWEN       ISA SAVINGS,BP/SO,,100.00,-1337.12
2022-05-03,REDDITCH BOROUGH C 01      4001843058,DD,,177.00,-1237.12
2022-05-03,SCOTTISHPOWER      16070904770,DD,,17.00,-1060.12
2022-05-03,TESCO BANK         5186528975980017,DD,,358.72,-1043.12
2022-05-03,SWUTM TRADING A/C  0001434563,DD,,50.00,-684.40
2022-05-03,SEVERN TRENT WATER 488005367720221171,DD,,18.15,-634.40
2022-05-03,AIG LIFE LTD       P436305224-A,DD,,72.27,-616.25
2022-05-03,CHARITY DONATION   1099811,DD,,3.00,-543.98
2022-05-03,CHILDLIFE EDD      PCF1002848,DD,,10.00,-540.98
2022-05-03,BG SERVICES        911000486359,DD,,31.28,-530.98
2022-05-03,TESCO BANK         001222829674/13110,DD,,321.90,-499.70
2022-05-03,EDF ENERGY         671165630748,DD,,92.00,-177.80
2022-05-03,VIRGIN MONEY       5276690051196156,DD,,38.50,-85.80
2022-05-03,SCOTTISH FRIENDLY  PSD/OBCM0068099,DD,,82.11,-47.30
2022-04-28,REDDITCH BOROUGH C 01      4001843058,CREDIT,150.00,,34.81
2022-04-28,EE LIMITED         Q08791420316823829,DD,,30.45,-115.19
2022-04-28,CAMELOT LOTTERY    A00143/3965,DD,,8.00,-84.74
2022-04-28,SCOTTISH FRIENDLY  PSD/OBC10256454,DD,,90.94,-76.74
2022-04-21,M Bowen            PROFIT TAKING,CREDIT,350.00,,14.20
2022-04-21,CYRUS SOLUTIONS    LOAN TO CYSOL,BP/SO,,30.00,-335.80
2022-04-21,DEBIT INTEREST,INTEREST,,2.89,-305.80
2022-04-21,BUPA CENTRAL A/C   9086677780,DD,,126.32,-302.91
2022-04-21,LABOUR PARTY       653577715906242518,DD,,4.67,-176.59
2022-04-21,HONDA FINANCE EURO 0704899-2219333577,DD,,176.57,-171.92
2022-04-20,M Bowen            PROFIT TAKING,CREDIT,200.00,,4.65
2022-04-19,EVERYDAYREWARD NET,CREDIT,1.00,,-195.35
2022-04-19,THE CO-OP BANK     4552061305790731,DD,,5.99,-196.35
2022-04-19,WEST BROMWICH BSOC 9015660300023849,DD,,80.68,-190.36
2022-04-19,PRINCIPALITY BS    079271710,DD,,124.31,-109.68
2022-04-14,SCOTTISH WIDOWS    PR859326H,DD,,450.00,14.63
2022-04-11,TFR 93000810462300,TRANSFER,,100.00,464.63
2022-04-11,PNET3584204-1,DD,,30.37,564.63
2022-04-06,PAYPAL PAYMENT     576J2223CC7UY,DD,,11.90,595.00
2022-04-06,PAYPAL PAYMENT     576J2223CC7UY,DD,,11.89,606.90
